@book{temperature,
title={Inventing Temperature: Measurement and Scientific Progress},
publisher={Oxford Studies in the Philosophy of Science},
year=2007,
author={Hasok Chang}
}

@booklet{rap,
title={Reproducible Analytical Pipelines},
author={Matt Upson},
year=2017,
url={dataingovernment.blog.gov.uk/2017/03/27/reproducible-analytical-pipeline}
}

@book{misra,
title={{MISRA} Compliance:2020 --
Achieving compliance with {MISRA} Coding Guidelines},
year=2020,
url={www.misra.org.uk},
publisher={MISRA Consortium},
author={eh}
}

@article{Executable-Paper,
title={Executable Paper Grand Challenge Workshop},
booktitle={International Conference on Computational Science, ICCS 2011},
year=2011,
author={Ann Gabriela and Rebecca Capone},
journal={Procedia Computer Science},
volume=4,
pages={577--578},
doi={10.1016/j.procs.2011.04.060}
}

@book{goldacre,
author={Ben Goldacre},
title={Better, broader, safer: {Using} health data for research and analysis},
year=2022,
publisher={Department of Health and Social Care},
url={www.gov.uk/government/publications/better-broader-safer-using-health-data-for-research-and-analysis}
}

@book{turing-way,
url={the-turing-way.netlify.app/welcome},
title={{The Turing Way: A Handbook for Reproducible Data Science}},
volume={v0.0.4},
publisher={Zenodo},
author={Becky Arnold and Louise Bowler and Sarah Gibson and Patricia Herterich and Rosie Higman and  {\ldots} and Kirstie Whitaker},
year=2022,
doi={10.5281/zenodo.3233853}
}

@article{example-stats,
author={Derek Richards and Angel Enrique and Nora Eilert and Matthew Franklin and Jorge Palacios and Daniel Duffy and Caroline Earley and Judith Chapman and Grace Jell and Sarah Sollesse and Ladislav Timulak },
title={A pragmatic randomized waitlist-controlled effectiveness and cost-effectiveness trial of digital interventions for depression and anxiety},
journal={Nature Digital Medicine},
year=2020, 
volume={3},
number=85,
doi={10.1038/s41746-020-0293-8}
}

@article{fair,
author={Mark D. Wilkinson and Michel Dumontier and IJsbrand Jan Aalbersberg and Gabrielle Appleton and Myles Axton and Arie Baak and Niklas Blomberg and Jan-Willem Boiten and Luiz Bonino da Silva Santos and Philip E. Bourne and Jildau Bouwman and Anthony J. Brookes and Tim Clark and Merc{\'e} Crosas and Ingrid Dillo and Olivier Dumon and Scott Edmunds and Chris T. Evelo and Richard Finkers and Alejandra Gonzalez-Beltran and Alasdair J.G. Gray and Paul Groth and Carole Goble and Jeffrey S. Grethe and Jaap Heringa and Peter A.C {'}t Hoen and Rob Hooft and Tobias Kuhn and Ruben Kok and Joost Kok and Scott J. Lusher and Maryann E. Martone and Albert Mons and Abel L. Packer and Bengt Persson and Philippe Rocca-Serra and Marco Roos and Rene van Schaik and Susanna-Assunta Sansone and Erik Schultes and Thierry Sengstag and Ted Slater and George Strawn and Morris A. Swertz and Mark Thompson and Johan van der Lei and Erik van Mulligen and Jan Velterop and Andra Waagmeester and Peter Wittenburg and Katherine Wolstencroft and Jun Zhao and Barend Mons},
title={The {FAIR} Guiding Principles for scientific data management and stewardship}, 
journal={Scientific Data},
volume=3, 
number=160018,
year=2016,
pages={1--9},
doi={10.1038/sdata.2016.18}
}

@book{nih-policy,
title={Final {NIH} Policy for Data Management and Sharing},
author={{National Institutes of Health}},
volume={NOT-OD-21-013},
year={2020; effective
January 25, 2023},
url={grants.nih.gov/grants/guide/notice-files/NOT-OD-21-013.html},
publisher={Office of The Director, National Institutes of Health}
}

@article{nih-nature,
title={{NIH} issues a seismic mandate: {Share} data publicly},
year={16 February 2022},
author={Max Kozlov},
journal={Nature},
url={www.nature.com/articles/d41586-022-00402-1}
}

@book{essence-of-software,
author={Daniel Jackson},
title={The Essence of Software},
publisher={Princeton University Press},
locqtion={Princeton, NJ},
year=2021
}

@article{nature-review,
title="How to fix your scientific coding errors",
author="Jeffrey M. Perkel",
journal={Nature},
year=2022,
volume=602,
pages={172--173},
doi={10.1038/d41586-022-00217-0}
}

@article{prisma,
author={Matthew J. Page and Joanne E. McKenzie and Patrick M. Bossuyt and Isabelle Boutron and Tammy C. Hoffmann and Cynthia D. Mulrow and Larissa Shamseer and Jennifer M. Tetzlaff and Elie A. Akl and Sue E. Brennan and Roger Chou and Julie Glanville and Jeremy M. Grimshaw and Asbj{\o o}rn Hr{\'o o}bjartsson and Manoj M. Lalu and Tianjing Li and Elizabeth W. Loder and Evan Mayo-Wilson and Steve McDonald and Luke A. McGuinness and Lesley A. Stewart and James Thomas and Andrea C. Tricco and Vivian A. Welch and Penny Whiting and David Moher},
title={The {PRISMA} 2020 statement: {An} updated guideline for reporting systematic reviews},
journal={Systematic Reviews},
volume=10, 
number=89,
year=2021,
doi={10.1186/s13643-021-01626-4}
}

@booklet{actr,
title="{ACT-R}",
url="act-r.psy.cmu.edu/software",
author="{ACT-R Research Group}",
year=2022
}

@article{psychological-modeling,
title={How Computational Modeling Can Force Theory Building in Psychological Science},
author={Olivia Guest and Andrea E. Martin},
doi={10.1177/1745691620970585},
volume= 16,
number= 4, 
pages= {789--802},
year=2021,
journal={Perspectives on Psychological Science}
}

@book{assessing-quality,
title={Assessing the Quality of Scientific Software},
author={Diane Kelly and Rebecca Sanders},
publisher={First International Workshop on Software Engineering For Computational Science and Engineering {\cite{assessing-quality-conference}}},
location={Leipzig},
url={citeseerx.ist.psu.edu/viewdoc/summary?doi=10.1.1.526.5076},
year=2008
}

@article{se-bias,
title={Bias in Computer Systems},
author={Batya Friedman and Helen Nissenbaum},
journal={ACM Transactions on Information Systems}, 
volume=14, 
number=3, 
year=1996, 
pages={330--347},
doi = {10.1145/230538.230561}
}

@article{assessing-quality-conference,
title={First International Workshop on Software Engineering for Computational Science {\&} Engineering},
author={Jeffrey C. Carver},
journal={Computing in Science {\&} Engineering},
volume=11, 
number=2,
year=2009,
pages={7--11},
doi={10.1109/MCSE.2009.30}
}

@book{abelson,
author={Abelson, R. P.},
title={Statistics as Principled Argument}, 
publisher={Lawrence Erlbaum Associates}, 
year=1995
} 

@article{ABCs-SE, 
author = {Stol, Klaas-Jan and Fitzgerald, Brian}, 
title = {The {ABC} of Software Engineering Research}, 
year = {2018},  pages={1--51},
publisher = {Association for Computing Machinery}, 
volume = {27}, number = {3}, issn = {1049-331X}, doi = {10.1145/3241743}, 
journal = {ACM Transactions on Software Engineering and Methodology}
}

@article{basic-reproducibilty,
  author={Hinsen, Konrad},
  journal={Computing in Science {\&} Engineering}, 
  title={Software Development for Reproducible Research}, 
  year={2013},
  volume={15},
  number={4},
  pages={60--63},
  doi={10.1109/MCSE.2013.91}
}

@article{open-source,
author="S. Fomel", 
title="Reproducible Research as a Community Effort: Lessons from the {Madagascar Project}", 
journal={Computing in Science {\&} Engineering}, volume=17, number=1, pages={20--26}, 
year=2015, 
doi="10.1109/MCSE.2014.94"
}

@article{stability,
  author={Salama, Maria and Bahsoon, Rami and Lago, Patricia},
  journal={IEEE Transactions on Software Engineering}, 
  title={Stability in Software Engineering: Survey of the State-of-the-Art and Research Directions}, 
  year={2021},
  volume={47},
  number={7},
  pages={1468--1510},
  doi={10.1109/TSE.2019.2925616}
}
  

@article{enigma,
  author={Harold Thimbleby},
  title = "Human Factors and missed solutions to {Enigma} design weaknesses",
  doi = {10.1080/01611194.2015.1028680},
  journal = {Cryptologia},
  number = 2,
  pages = {177--202},
  volume = 40,
  year = 2016
}

@article{machine-learning-reproducibility,
  author={Harold Thimbleby},
  title = {Give your computer's {IQ} a boost --- {{\emph{{Journal of Machine Learning Research}}}}},
  journal = "Times Higher Education Supplement",
  url = "www.timeshighereducation.co.uk/story.asp?sectioncode=26&storycode=176549",
  year = "9 May, 2004"
}

@booklet{parliamentary-evidence,
title={The {UK} response to covid-19: {Use} of scientific advice},
number={First Report of Session 2019--21},
year={16 December 2020},
volume={HC 136},
publisher={House of Commons},
author={{House of Commons Science and Technology Committee}},
url={committees.parliament.uk/publications/4165/documents/41300/default}}

% RS bst file can't cope with crossref etc...
%    crossref = {parliamentary-evidence},
@book{my-parliamentary-evidence,
title={Written Evidence Submitted by {Harold Thimbleby} to The {UK} response to covid-19: {Use} of scientific advice},
number={C190005},
author={Harold Thimbleby},
url={committees.parliament.uk/work/91/default/publications/written-evidence/?SearchTerm=thimbleby},
    year={29 April 2020},
    publisher={{House of Commons Science and Technology Committee}  {\cite{parliamentary-evidence}}}
}

@article{harking,
author={Norbert L. Kerr},
title={{HARKing}: {H}ypothesizing after the results are known},
journal={Personality and Social Psychology Review},
year={1998},
volume=2,
number=3,
pages={196--217},
doi={10.1207/s15327957pspr0203\_4}
}

@article{cite-code,
title={Recognizing the value of software: {A} software citation guide [version 2; peer review: 2 approved] {Previously} titled: ``{The} importance of software citation''},
author={Daniel S. Katz and Neil P. Chue Hong and Tim Clark and August Muench and Shelley Stall and Daina Bouquin and Matthew Cannon and Scott Edmunds and Telli Faez and Patricia Feeney and Martin Fenner and Michael Friedman and Gerry Grenier and Melissa Harrison and Joerg Heber and Adam Leary and Catriona MacCallum and Hollydawn Murray and Erika Pastrana and Katherine Perry and Douglas Schuster and Martina Stockhause and Jake Yeston},
journal={F1000Research},
year=2021, 
volume=9,
number=1257,
doi={10.12688/f1000research.26932.2}
}

@article{excel-fiasco,
author={Harold Thimbleby},
journal={BMJ},
year=2020,
title={The problem isn't {Excel}, it's unprofessional software engineering},
doi={10.1136/bmj.m4181},
volume={371},
number={m4181}
}

@article{preclinical-reproducibility,
title={The Economics of Reproducibility in Preclinical Research},
author={Leonard P. Freedman1 and Iain M. Cockburn and Timothy S. Simcoe},
year=2015,
journal={PLOS Biology},
volume=13,
number=6,
pages="e1002165",
doi={10.1371/journal.pbio.1002165}
}

@article{science-delays,
title={Could too much time between doses drive the coronavirus to outwit vaccines?},
author={Meredith Wadman},
journal={Science},
year=2021,
doi={10.1126/science.abg5655}
}

@article{whitty,
author={Whitty, C. J. M.}, 
title={What makes an academic paper useful for health policy?}, 
journal={BMC Medicine},
year=2015,
volume={13},
pages=301, doi={10.1186/s12916-015-0544-8}
}

@article{Ben,
author={Shneiderman, B.}, 
title={Opinion: {The} dangers of faulty, biased, or malicious algorithms requires independent oversight}, journal={Proceedings National Academy of Sciences},
year=2016, volume={113},
number=48,
pages={13538--13540}, 
doi={10.1073/pnas.1618211113}
}

@article{nvp-ferguson,
	author = {Halloran, M. Elizabeth and Ferguson, Neil M. and Eubank, Stephen and Longini, Ira M. and Cummings, Derek A. T. and Lewis, Bryan and Xu, Shufu and Fraser, Christophe and Vullikanti, Anil and Germann, Timothy C. and Wagener, Diane and Beckman, Richard and Kadau, Kai and Barrett, Chris and Macken, Catherine A. and Burke, Donald S. and Cooley, Philip},
	title = {Modeling targeted layered containment of an influenza pandemic in the United States},
	volume = {105},
	number = {12},
	pages = {4639--4644},
	year = {2008},
	doi = {10.1073/pnas.0706849105},
	publisher = {National Academy of Sciences},
	issn = {0027-8424},
	URL = {www.pnas.org/content/105/12/4639},
	eprint = {www.pnas.org/content/105/12/4639.full.pdf},
	journal = {Proceedings of the National Academy of Sciences}
}

@article{ourReview,
author={Ladkin, P. B. and Littlewood, B. and Thimbleby, H. and Thomas, M.}, 
title={The {Law Commission} presumption concerning the dependability of computer evidence}, 
journal={Digital Evidence and Electronic Signature Law Review},
year= 2020, volume={17}, pages={1--14},
doi={10.14296/deeslr.v17i0.5143}}

@book{landauer,
title={The Trouble with Computers: Usefulness, Usability, and Productivity},
author={Thomas K. Landauer},
publisher={MIT Press},
year=1995
}

@article{thimbleby-landauer,
   title = {The Trouble with Computers: Usefulness, Usability, and Productivity (by {Thomas} {K.~Landauer})},
   author = {Harold Thimbleby},
   year = {1996},
   pages = {265--276},
   journal = {Computational Linguistics},
   volume = {22},
   number = {2}
}

@article{science-review,
author={Heesterbeek, H. and Anderson, R. M. and Andreasen, V. and Viggo Andreasen and Shweta Bansal and Daniela De Angelis and Chris Dye and Ken T. D. Eames and W. John Edmunds and Simon D. W. Frost and Sebastian Funk and T. Deirdre Hollingsworth and Thomas House and Valerie Isham and Petra Klepac and Justin Lessler and James O. Lloyd-Smith and C. Jessica E. Metcalf and Denis Mollison and Lorenzo Pellis and Juliet R. C. Pulliam and Mick G. Roberts and Cecile Viboud and {Isaac Newton Institute IDD Collaboration}},
title={Modeling infectious disease dynamics in the complex landscape of global health}, journal={Science},
year= 2015, volume={347}, number=6227, 
pages={265--270}, doi={10.1126/science.aaa4339}
}

@article{diagnosis-reviews,
author={Wynants, Laure and Van Calster, Ben and Bonten, Marc M. J. and Collins, Gary S. and Debray, Thomas P. A. and De Vos, Maarten and Haller, Maria C. and Heinze, Georg and Moons, Karel G. M. and Riley, Richard D. and Schuit, Ewoud and Smits, Luc J. M. and Snell, Kym I. E. and Steyerberg, Ewout W. and Wallisch, Christine and van Smeden, Maarten},
title={Prediction models for diagnosis and prognosis of covid-19 infection: {Systematic} review and critical appraisal}, journal={BMJ}, year=2020, volume={369}, number={m1328}, doi={10.1136/bmj.m1328}
}

@article{tripod,
author={Moons, K. G. and Altman, D. G. and Reitsma, J. B. and Ioannidis, J. P. and Macaskill, P. and Steyerberg, E. W. and Vickers, A. J. and Ransohoff, D. F. and Collins, G. S.}, title={Transparent Reporting of a multivariable prediction model for Individual Prognosis or Diagnosis ({TRIPOD}): {Explanation} and elaboration}, journal={Annals of Internal Medicine}, year= 2015, volume={162}, number=1, pages={W1--73}, 
doi={10.7326/M14-0698}
}

@article{thumbs-up,
author={D. S. Chawla}, year={8 June 2020}, title={Critiqued coronavirus simulation gets thumbs up from code-checking efforts}, 
journal={Nature}, 
url={www.nature.com/articles/d41586-020-01685-y},
volume=582,
pages={323--324}
}

@article{NVP,
  author={L. {Hatton} and A. {Roberts}},
  journal={IEEE Transactions on Software Engineering}, 
  title={How accurate is scientific software?}, 
  year={1994},
  volume={20},
  number={10},
  pages={785--797},
  doi={10.1109/32.328993}
}

@booklet{codecheck,
title={Codecheck confirms reproducibility of {COVID-19} model results},
author={Andrew Scheuber and Sabine L. {van Elsland}},
year={1 June 2020},
url={www.imperial.ac.uk/news/197875/codecheck-confirms-reproducibility-covid-19-model-results},
publisher={Imperial College}
}

@article{nature-summary,
author={Adam, D.}, 
title={Modelling the pandemic: {The} simulations driving the world's response to {COVID}-19}, 
journal={Nature}, 
year=2020, 
volume={580}, 
pages={316--318}, 
doi={10.1038/d41586-020-01003-6}}

@booklet{ICmodel,
author={Neil M. Ferguson and Daniel Laydon and Gemma Nedjati-Gilani and
Natsuko Imai and Kylie Ainslie and Marc Baguelin and Sangeeta Bhatia
and Adhiratha Boonyasiri and Zulma Cucunub{\'a} and Gina
Cuomo-Dannenburg and Amy Dighe and Ilaria Dorigatti and Han Fu and
Katy Gaythorpe and Will Green and Arran Hamlet and Wes Hinsley and 
Lucy C. Okell and Sabine van Elsland and Hayley Thompson and Robert 
Verity and Erik Volz and Haowei Wang and Yuanrong Wang and Patrick G. T. 
Walker and Caroline Walters and Peter Winskill and Charles Whittaker 
and Christl A. Donnelly and Steven Riley and Azra C. Ghani}, title={Impact of non-pharmaceutical interventions ({NPI}s) to reduce {COVID}-19 mortality and healthcare demand}, url={www.imperial.ac.uk/media/imperial-college/medicine/sph/ide/gida-fellowships/Imperial-College-COVID19-NPI-modelling-16-03-2020.pdf}, year={16 March 2020}
}

@article{avianFluModel,
author={Ferguson, N. M. and Cummings, D. A. T. and Fraser, C. and Cajka, J. C. and Cooley, P. C. and Burke, D. S.}, title={Strategies for containing an emerging influenza pandemic in {Southeast Asia}}, journal={Nature}, year=2005, volume={437}, pages={209--214}, doi={10.1038/nature04017}
}

@article{originalICmodel,
author={Ferguson, N. M. and Cummings, D. A. T. and Fraser, C. and 
James C. Cajka and Philip C. Cooley and Donald S. Burke}, title={Strategies for mitigating an influenza pandemic}, journal={Nature}, year=2006, volume={442}, pages={448--452}, doi={10.1038/nature04795}
}

@booklet{tweet,
author={Ferguson, N.}, title={Tweet}, url={twitter.com/neil_ferguson/status/1241835454707699713}, 
year={22 March 2020}
}

@article{ferguson-interview,
author={Leake, J.}, title={{Neil Ferguson} interview: {No} 10's infection guru recruits game developers to build coronavirus pandemic model}, journal={The Sunday Times}, year={29 March 2020}, url={www.thetimes.co.uk/article/neil-ferguson-interview-no-10s-infection-guru-recruits-game-developers-to-build-coronavirus-pandemic-model-zl5rdtjq5}
}

@booklet{refactoring,
author={Ferguson, N.}, title={Tweet}, url={twitter.com/neil_ferguson/status/1241835456947519492}, year={22 March 2020}
}

@article{bad-code,
author={Richards, D. and Boudnik, K.}, 
title={{Neil} {Ferguson's} {Imperial} model could be the most devastating software mistake of all time}, 
journal={The Telegraph}, 
year={16 May 2020}, 
url={www.telegraph.co.uk/technology/2020/05/16/neil-fergusons-imperial-model-could-devastating-software-mistake}
}

@article{flu-model,
author={Sander, B. and Nizam, A. and {Garrison Jr}, L. P. and Postma, M. J. and Halloran, M. E. and {Longini Jr}, I. M.}, 
title={Economic evaluation of influenza pandemic mitigation strategies in the us using a stochastic microsimulation transmission model}, journal={Value Health}, year=2009, volume={12}, number=2, pages={226--233}, doi={10.1111/j.1524-4733.2008.00437.x}
}

@book{a=b,
author={Marko Petkovsek and Herbert Wilf and Doron Zeilberger},
url={www2.math.upenn.edu/~wilf/AeqB.html},
title={{$A=B$}},
publisher={A K Peters. Ltd.},
year=1996
}

@article{pseudo,
author={Zlojutro, A. and Rey, D. and Gardner, L.}, 
title={A decision-support framework to optimize border control for global outbreak mitigation}, 
journal={Nature Scientific Reports}, 
year=2019, 
volume={9}, 
number=2216, 
doi={10.1038/s41598-019-38665-w}
}

@article{relit,
author={Thimbleby, H. and Williams, D.}, title={A tool for publishing reproducible algorithms {\&} {A} reproducible, elegant algorithm for sequential experiments}, journal={Science of Computer Programming}, year= 2018, volume={156}, pages={45--67}, doi={10.1016/j.scico.2017.12.010}, note={Also on GitHub: \url{GitHub.com/haroldthimbleby/relit}}
}

@article{unfinished,
author={Stephen M. Kissler and Christine Tedijanto and Edward Goldstein and Yonatan H. Grad and Marc Lipsitch},
title={Projecting the transmission dynamics of {SARS-CoV-2} through the postpandemic period}, journal={Science}, year=2020, doi={10.1126/science.abb5793},
volume=368, 
number=6493,
pages={860--868}
}

@article{lancet-unfinished,
author={Verity and R. and Okell and L. C. and Dorigatti and I. Peter Winskill and Charles Whittaker and Natsuko Imai and Gina Cuomo-Dannenburg and Hayley Thompson and Patrick G. T. Walker and Han Fu and Amy Dighe and Jamie T. Griffin and Marc Baguelin and Sangeeta Bhatia and Adhiratha Boonyasiri and Anne Cori and Zulma Cucunub{\' a} and Rich FitzJohn and Katy Gaythorpe and Will Green and Arran Hamlet and Wes Hinsley and Daniel Laydon and Gemma Nedjati-Gilani and Steven Riley and Sabine van Elsland and Erik Volz and Haowei Wang and Yuanrong Wang and Xiaoyue Xi and Christl A. Donnelly and Azra C. Ghani and Neil M. Ferguson},
title={Estimates of the severity of coronavirus disease 2019:
{A} model-based analysis}, journal={Lancet}, year=2020, doi={10.1016/S1473-3099(20)30243-7}
}

@article{hoare,
author={Hoare, C. A. R.}, title={An axiomatic basis for computer programming}, journal={Communications of the ACM}, year=1969, volume={12}, number=10, pages={576--580}, doi={10.1145/363235.363259}
}

@article{notebooks,
author={Schnell, S.}, 
title={Ten Simple Rules for a Computational Biologist's Laboratory Notebook}, 
journal={PLoS Computational Biology}, 
year=2015, volume={11}, number=9, pages={e1004385}, 
doi={10.1371/journal.pcbi.1004385}
}

@book{popper,
author={Popper, K. R.}, title={Conjectures and Refutations: {The} Growth of Scientific Knowledge}, 
edition={2nd}, publisher={Routledge}, year=2002}

@article{critiques,
author={Sayburn, A.}, title={Covid-19: {Experts} question analysis suggesting half {UK} population has been infected}, journal={BMJ}, year=2020, volume={368}, pages={m1216}, doi={10.1136/bmj.m1216}
}

@book{knuth,
author={Knuth, D. E.}, title={The Art of Computer Programming (Seminumerical algorithms)}, volume={2}, edition={3rd}, publisher={Addison-Wesley}, year=1998
}

@book{fixit,
author={Harold Thimbleby}, title={Fix IT: How to see and solve the problems of digital healthcare}, publisher={Oxford University Press}, year=2021
}

@article{framework,
author={Thimbleby, H. and Anderson, S. O. and Cairns, P.}, title={A Framework for Modelling Trojans and Computer Virus Infection}, journal={Computer Journal}, year=1999, volume={41}, nnumber=17, pages={444--458}, doi={10.1093/comjnl/41.7.444}
}

@article{cbc,
author={Woodcock, J. C. P. and Larsen, P. G. and Bicarregui, J. C. and Fitzgerald, J. S.}, title={Formal methods: {Practice} and experience}, journal={ACM Computing Surveys}, year=2009, volume={41}, number=4, pages={1--36}, doi={10.1145/1592434.1592436}
}

@book{ethics-code,
author={ACM}, 
title={Code of Ethics and Professional Conduct}, 
url={www.acm.org/code-of-ethics}, 
note={Accessed 23 April 2020}, year=2020,
publisher={ACM}
}

@book{acm-artifacts,
author={ACM}, 
title={Artifact Review and Badging --- Current},
volume={Version 1.1},
year=2020,
url={www.acm.org/publications/policies/artifact-review-and-badging-current},
publisher={ACM}
}

@book{Speigelhalter,
author={Speigelhalter, D.},
title={The Art of Statistics: Learning from Data}, 
publisher={Pelican Books}, 
year=2019
}

@inproceedings{redmill,
author={Redmill, F.}, 
title={Understanding the Use, Misuse and Abuse of Safety Integrity Levels}, 
note={Revised}, booktitle={Lessons in System Safety, Eighth Safety-critical Systems Symposium}, 
editors={Redmill, F. and Anderson, T.}, year=2000, url={homepages.cs.ncl.ac.uk/felix.redmill/publications/1%20SILs.pdf}
}

@article{assurance-case,
year=2020,
title={Enhancing {COVID-19} decision making by creating an assurance case for epidemiological models},
author={Ibrahim Habli and Rob Alexander and Richard Hawkins and Mark Sujan and John McDermid and Chiara Picardi and Tom Lawton},
journal={BMJ Health {\&} Care Informatics},
volume=27,
number={e100165},
doi={10.1136/bmjhci-2020-100165},
pages={1--5}
}

@booklet{iec61508,
title={{IEC 61508:2010 CMV} Commented version, Functional safety of electrical/electronic/programmable electronic safety-related systems}, 
year=2010, 
url={webstore.iec.ch/publication/22273},
publisher={{International Electrotechnical Commission (IEC)}},
author={{IEC Technical Committee TC 65}}
}

@article{reproducibility,
author={Benureau, F. C. Y. and Rougier, N. P.}, 
title={Re-run, Repeat, Reproduce, Reuse, Replicate: {Transforming} Code into Scientific Contributions}, journal={Frontiers in Neuroinformatics}, year=2018, volume={11}, number=69, doi={10.3389/fninf.2017.00069}
}

@article{devices,
author={Zhang, Y. and Masci, P. and Jones, P. and Thimbleby, H.}, title={User Interface Software Errors in Medical Devices}, journal={Biomedical Instrumentation {\&} Technology}, year=2019, volume={53}, number=3, pages={182--194},
doi={10.2345/0899-8205-53.3.182}
}

@book{hamming,
author={Hamming, R. W.}, title={Numerical Methods for Scientists and Engineers}, publisher={Dover Publications Inc.}, year=1987
}


