@article{vancouver,
author={{Vancouver Group}}, 
title={Uniform requirements for manuscripts submitted to biomedical journals}, 
journal={JAMA}, year=1997, volume={277},
number=11,
pages={927--934}, doi={10.1001/jama.1997.03540350077040}
}

@article{ai-ethics,
author={Misselhorn, C.},
title={Artificial Morality. {Concepts}, Issues and Challenges},
journal={Social Science and Public Policy},
volume=55, 
pages={161--169},
year=2018,
doi={10.1007/s12115-018-0229-y}
}

@book{flexibility,
  author={Chris Hanson and Gerald Jay Sussman},
  title={Software design for flexibility: How to avoid programming yourself into a corner},
  publisher={MIT Press},
  year=2021
}

@article{latex-calculus,
title={The {\texttt{calculator}} and {\texttt{calculus}} packages: Arithmetic and functional calculations inside {\LaTeX}},
journal={TUGboat}, 
volume=33,
year=2012,
number=3,
pages={265--271},
author={Robert Fuster}
}

@article{RS-policy,
doi={10.25504/FAIRsharing.dIDAzV},
year=2022,
title={Data sharing and mining},
author={Phil Hurst},
journal={Royal Society}
}

@article{viruses,
  title = "A Framework for Modelling Trojans and Computer Virus Infection",
  author = "H. Thimbleby and S. O. Anderson and Paul Cairns",
  doi = {10.1093/comjnl/41.7.444},
  journal = "Computer Journal",
  number = 7,
  pages = {444--458},
  volume = 41,
  year = 1999
}

@book{RMarkdown,
title={R Markdown: The Definitive Guide},
author={Yihui Xie and J. J. Allaire and Garrett Grolemund},
year=2020,
publisher={Chapman {\&} Hall/CRC} 
}

@article{strachey,
author={Strachey, C.},
title={Fundamental Concepts in Programming Languages},
journal={Higher-Order and Symbolic Computation},
volume=13,
pages={11--49},
year={2000},
doi={10.1023/A:1010000313106}
}

@book{sommerville,
author={Sommerville, I.}, title={Software Engineering}, edition={10th}, publisher={Pearson}, year=2015
}

@book{knight,
author={Knight, J.}, 
title={Fundamentals of Dependable Computing for Software Engineers}, publisher={CRC Press}, year=2012
}

@book{cosmos,
author={Susan Stepney and Fiona A. C. Polack and Kieran Alden and Paul S. Andrews and James L. Bown and Alastair Droop and Richard B. Greaves and Mark Read and Adam T. Sampson and Jon Timmis and Alan F. T. Winfield},
title={Engineering Simulations as Scientific Instruments: A Pattern Language}, 
publisher={Springer}, 
year=2018
}

@book{henderson,
author={Peter Henderson},
title={Functional Programming: Application and Implementation},
publisher={Prentice-Hall International},
series={Computer Science},
year=1980
}

@book{wpf,
author={Zeller, A.}, title={Why Programs Fail: A Guide to Systematic Debugging}, publisher={Morgan Kaufmann}, year=2006
}

@book{humphrey,
author={Humphrey, W. S.}, title={PSP: A Self-Improvement Process for Software Engineers}, publisher={Addison Wesley}, year=2005
}

@book{managers,
author={Humphrey, W. S.}, title={Winning with Software: An Executive Strategy}, publisher={Addison-Wesley Professional}, year=2001
}

@article{heedless,
author={Thimbleby, H.}, title={Heedless Programming: Ignoring Detectable Error is a Widespread Hazard}, journal={Software --- Practice {\&} Experience}, year=2012, volume={42}, number=11, pages={1393--1407}, doi={10.1002/spe.1141}
}

@article{plos,
author={Chao, D. L. and Halloran, M. E. and Obenchain, V. J. and {Longini Jr}, I. M.}, title={FluTE, a Publicly Available Stochastic Influenza Epidemic Simulation Model}, journal={PLOS Computational Biology}, year=2010, volume={6}, number=1, pages={e1000656}, doi={10.1371/journal.pcbi.1000656}, note={Source code available at \url{GitHub.com/dlchao/FluTE}}
}

@book{excel1,
author={Abir, M. and Nelson, C. and Chan, E. W. and  Al-Ibrahim, H. and Cutter, C. and Patel, K. and Bogart, A.}, 
title={RAND Critical Care Surge Response Tool: An Excel-Based Model for Helping Hospitals Respond to the COVID-19 Crisis}, 
publisher={RAND Corporation}, year=2020, url={www.rand.org/pubs/tools/TLA164-1.html}
}

@article{excel2,
author={Alvarez, N. M. and Gonzalez-Gonzalez, E. and Trujillo-de Santiago, G.}, title={Modeling {COVID-19} epidemics in an Excel spreadsheet: {Democratizing} the access to first-hand accurate predictions of epidemic outbreaks}, 
journal={MedRxiv}, note={Preprint}, year=2020, doi={10.1101/2020.03.23.20041590}
}

@book{npm,
author={Isaac Z. Schlueter}, title={Blog: kik, left-pad, and npm}, year={23 March 2016}, note={Accessed 10 April 2020}, url={blog.npmjs.org/post/141577284765/kik-left-pad-and-npm}, publisher={NPM Blog}
}

@book{LP,
author={Knuth, D. E.}, title={Literate programming}, publisher={Center for the Study of Language and Information Publication Lecture Notes}, year=1992, volume={27}
}

@book{hci1,
author={Shneiderman, B. and Plaisant, C. and Cohen, M. and {\emph{et al}}}, title={Designing the User Interface: Strategies for Effective Human-Computer Interaction}, edition={6th}, publisher={Pearson}, year=2016, url={www.cs.umd.edu/hcil/DTUI6}
}

@book{hci2,
author={Thimbleby, H.}, title={Press On: Principles of Interaction Programming}, publisher={MIT Press}, year=2007
}

@book{iso,
author={{ISO/IEC JTC 1/SC 7  Software and systems engineering Committees}}, publisher={International Organization for Standardization (ISO)}, title={Software engineering --- Guidelines for the application of ISO 9001:2015 to computer software}, year=2015, url={www.iso.org/standard/74348.html}
}

@book{178C,
author={{RTCA Committee SC-205}}, title={DO-178C --- Software Considerations in Airborne Systems and Equipment Certification}, url={my.rtca.org/NC__Product?id=a1B36000001IcmqEAC}, publisher={RTCA}, year={2011}
}

@book{security-engineering,
author={Anderson, R.}, title={Security Engineering}, publisher={Wiley}, edition={3rd}, year=2020
}

@article{cyber-cacm,
author={Shostack, A. and Zurko, M. E.}, title={Secure Development Tools and Techniques Need More Research That Will Increase Their Impact and Effectiveness in Practice}, journal={Communications of the ACM}, year=2020, volume={63}, number=5, pages={39--41}, doi={10.1145/3386908}
}

@book{Schneier,
author={Schneier, B.}, title={Click Here To Kill Everybody --- Security and Survival in a Hyper-connected World},  publisher={W. W. Norton {\&} Company, Inc}, year=2018, location={New York, United States}
}

@book{electronic-evidence,
author={Mason, S. and Seng, D.}, title={Electronic Evidence}, edition={4th}, publisher={Humanities Digital Library}, year=2017, doi={10.14296/517.9781911507079},
note={(NB See \url{humanities-digital-library.org/index.php/hdl/catalog/book/electronicevidence} until DOI is resolved.)}
}

@inproceedings{peerReview,
author={Baum, T and {Le\ss mann}, H and Schneider, K}, 
title={The Choice of Code Review Process: A Survey on the State of the Practice}, 
series={Product-Focused Software Process Improvement: 18th International Conference}, 
booktitle={Lecture Notes in Computer Science}, year=2017, volume={10611}, pages={111--127}, 
doi={10.1007/978-3-319-69926-4_9}
}

@book{ssi-report,
author={Alys Brett and Michael Croucher and Robert Haines and Simon Hettrick and James Hetherington and Mark Stillwell and Claire Wyatt},
title={State of the Nation Report for Research Software Engineers},
year=2017,
publisher={Research Software Engineer Network},
url={zenodo.org/record/495360#.Xyfuyi2ZOCM},
doi={10.5281/zenodo.495360}
}

@booklet{ssi-url,
author={{Software Sustainability Institute}},
title={Web site},
url={software.ac.uk},
year=2020,
note={Accessed 3 August 2020}
}
